% This file was created with Citavi 6.0.0.2

@online{ApacheCommons.2017,
 author = {{Apache Commons}},
 year = {2017},
 title = {Commons CSV},
 url = {https://commons.apache.org/proper/commons-csv/},
 urldate = {2018-05-04},
 abstract = {},
 file = {Apache Commons 2017 - Commons CSV:C\:\\Users\\j.husi\\Documents\\Citavi 6\\Projects\\PA2\\Citavi Attachments\\Apache Commons 2017 - Commons CSV.pdf:pdf}
}


@collection{Baranauskas.2007,
 year = {2007},
 title = {A Glass Box Design: Making the Impact of Usability on Software Development Visible},
 keywords = {Artificial intelligence;Computer science;Education;Information systems;Software engineering},
 volume = {4663},
 publisher = {Springer},
 isbn = {9783540747994},
 series = {Lecture notes in computer science},
 editor = {Baranauskas, C{\'e}cilia},
 abstract = {},
 pagetotal = {735},
 doi = {10.1007/978-3-540-74800-7},
 language = {eng},
 subtitle = {Human-computer interaction - INTERACT 2007 11th IFIP TC 13 international conference, Rio de Janeiro, Brazil, September 10 - 14, 2007; proceedings, Part 2},
 location = {Berlin},
 organization = {INTERACT and {International Federation for Information Processing} and {IFIP TC 13 International Conference on Human-Computer Interaction}},
 file = {978-3-540-74800-7_49:C\:\\Users\\j.husi\\Documents\\Citavi 6\\Projects\\PA2\\Citavi Attachments\\978-3-540-74800-7_49.pdf:pdf}
}


@book{BrandtPook.2015,
 author = {Brandt-Pook, Hans and Kollmeier, Rainer},
 year = {2015},
 title = {Softwareentwicklung kompakt und verst{\"a}ndlich},
 url = {http://ebooks.ciando.com/book/index.cfm/bok_id/2004270},
 keywords = {Computer science;Project management;Projektmanagement;Software engineering;Softwareentwicklung},
 edition = {2. Auflage},
 publisher = {{Springer Vieweg}},
 isbn = {9783658108755},
 subtitle = {Wie Softwaresysteme entstehen},
 language = {ger},
 location = {Wiesbaden},
 abstract = {Dieses Buch erkl{\"a}rt in der zweiten, {\"u}berarbeiteten Auflage, wie IT-Projekte ablaufen: Von der ersten Idee bis zum Betrieb des fertigen Systems wird der gesamte Prozess dargestellt. Schritt f{\"u}r Schritt zeigen die Autoren bew{\"a}hrte und moderne Methoden und Techniken. Das Buch richtet sich an (Lern-)Einsteiger in das Thema. Es hat eine lebendige Sprache und enth{\"a}lt viele Anregungen zum {\"U}ben, Weiterlesen und -denken. Was ist das Besondere an diesem Werk? Es gibt viele B{\"u}cher {\"u}ber Programmierung. Dieses geh{\"o}rt nicht dazu. Stattdessen stehen T{\"a}tigkeiten im Vorfeld der Programmierung und im Spannungsfeld zwischen IT-lern und Auftraggebern im Vordergrund. Das Buch bietet damit das R{\"u}stzeug, eigene Projekte durchf{\"u}hren zu k{\"o}nnen. Unter anderem sind die leichte Verst{\"a}ndlichkeit, die erprobten Ideen, die {\"U}bungen und Erfahrungsberichte hilfreich. ~ Der Inhalt: -~~~~~~~~~ Prozess der Softwareentwicklung: Basismodell, Phasen, Bekannte Vorgehensmodelle -~~~~~~~~~ Methoden in der Softwareentwicklung: {\"U}berblick, UML-Diagramme -~~~~~~~~~ Projektgeschehen: Projektdefinition und -phasen, Projektmanagement ~ Die Zielgruppen: -~~~~~~~~~ Studierende der Wirtschaftsinformatik, Informatik oder Betriebswirtschaftslehre, die sich erstmals mit der Entwickl ung von Softwaresystemen befassen -~~~~~~~~~ Auszubildende in der IT -~~~~~~~~~ FachinformatikerInnen sowie Informatikkauffrauen und -kaufm{\"a}nner -~~~~~~~~~ IT-Einste iger, d ie an verst{\"a}ndlichem Basiswissen und an praxiserprobten {\"U}bungen interessiert sind ~ Die Autoren: Hans Brandt-Pook ist Professor f{\"u}r Informatik/Wirtschaftsinformatik an der Fachhochschule Bielefeld. Rainer Kollmeier ist IT-Senior Berater in der arvato Systems GmbH, einem Tochterunternehmen der Bertelsmann SE {\&} Co. KGaA, Ausbildungskoordinator und Pr{\"u}fer in IT-Berufen},
 pagetotal = {163},
 doi = {10.1007/978-3-658-10876-2},
 note = {Brandt-Pook, Hans (VerfasserIn)

Kollmeier, Rainer (VerfasserIn)},
 file = {978-3-658-10876-2:C\:\\Users\\j.husi\\Documents\\Citavi 6\\Projects\\PA2\\Citavi Attachments\\978-3-658-10876-2.pdf:pdf}
}


@article{DanielRentz.2004,
 author = {{Daniel Rentz}},
 year = {2004},
 title = {The Microsoft Compound Document File Format},
 url = {http://www.openoffice.org/sc/compdocfileformat.pdf},
 urldate = {2018-06-21},
 abstract = {},
 pagetotal = {25},
 file = {compdocfileformat:C\:\\Users\\j.husi\\Documents\\Citavi 6\\Projects\\PA2\\Citavi Attachments\\compdocfileformat.pdf:pdf}
}


@book{Henley.2018,
 author = {Henley, A. J. and Wolf, Dave},
 year = {2018},
 title = {Learn Data Analysis with Python},
 publisher = {Apress},
 isbn = {978-1-4842-3485-3},
 location = {Berkeley, CA},
 abstract = {},
 pagetotal = {103},
 doi = {10.1007/978-1-4842-3486-0},
 file = {978-1-4842-3486-0:C\:\\Users\\j.husi\\Documents\\Citavi 6\\Projects\\PA2\\Citavi Attachments\\978-1-4842-3486-0.pdf:pdf}
}


@book{Kleuker.2013,
 author = {Kleuker, Stephan},
 year = {2013},
 title = {Grundkurs Software-Engineering mit UML},
 url = {http://dx.doi.org/10.1007/978-3-658-00642-6},
 keywords = {Computer science;Software engineering;UML},
 edition = {3., korr. und erw. Aufl. 2013},
 publisher = {{Springer Fachmedien Wiesbaden}},
 isbn = {9783658006419},
 subtitle = {Der pragmatische Weg zu erfolgreichen Softwareprojekten},
 language = {ger},
 location = {Wiesbaden and s.l.},
 abstract = {Software-Projekte scheitern aus den unterschiedlichsten Gr{\"u}nden. Dieses Buch zeigt anhand der systematischen Analyse von Chancen und Risiken, wie die Wege zu erfolgreichen Software-Projekten aussehen. Ausgehend von der Basis, dass das Zusammenspiel aller an einem Projekt Beteiligten in Prozessen koordiniert werden soll, wird mit Hilfe der UML (Unified Modeling Language) der Weg von den Anforderungen {\"u}ber die Modellierung bis zur Implementierung beschrieben. Es werden situationsabh{\"a}ngige Alternativen diskutiert und der gesamte Prozess mit qualit{\"a}tssichernden Ma{\ss}nahmen begleitet. Zur Abrundung des Themengebiets werden wichtige Ans{\"a}tze zur Projektplanung und zur Projektdurchf{\"u}hrung beschrieben, die die Einbettung der Software-Entwicklung in die Gesamtprozesse eines Unternehmens aufzeigen. Alle Kapitel schlie{\ss}en mit Wiederholungsfragen und {\"U}bungsaufgaben. L{\"o}sungsskizzen sind {\"u}ber das Internet erh{\"a}ltlich. Inhalt Zusammenspiel von Prozessen in der Software-Entwicklung - Anforderungsanalyse - Erstellung von Analysemodellen mit der UML - Vom Modell zur Implementierung - Qualit{\"a}tssicherung - Management erfolgreicher SW-Projekte Zielgruppe Informatik-Studierende im Grundstudium mit ersten Kenntnissen in objektorientierter Programmierung Studierende in Studieng{\"a}ngen mit hohem Informatik-Anteil, wie Wirtschaftsinformatik Praktiker, die sich kompakt {\"u}ber den aktuellen Stand der Technologie informieren wollen Autor Prof. Dr. Stephan Kleuker unterrichtet seit mehreren Jahren Software-Engineering, Software-Qualit{\"a}t und Datenbanken an der Hochschule Osnabr{\"u}ck. Er ist Autor verschiedener Fachb{\"u}cher und hat mehrj{\"a}hrige Praxiserfahrung als Systemanalytiker sowie als Berater bei der Erstellung komplexer Software-Systeme},
 pagetotal = {402202},
 doi = {10.1007/978-3-658-00642-6},
 note = {Kleuker, Stephan (author.)},
 file = {978-3-658-00642-6:C\:\\Users\\j.husi\\Documents\\Citavi 6\\Projects\\PA2\\Citavi Attachments\\978-3-658-00642-6.pdf:pdf}
}


@online{NumPy.16.04.2018,
 author = {NumPy},
 year = {2008},
 title = {NumPy v1.14 Manual},
 url = {https://docs.scipy.org/doc/numpy/reference/generated/numpy.arange.html},
 urldate = {2018-06-01},
 abstract = {},
 file = {NumPy 2008 - NumPy v1:C\:\\Users\\j.husi\\Documents\\Citavi 6\\Projects\\PA2\\Citavi Attachments\\NumPy 2008 - NumPy v1.pdf:pdf},
 subtitle = {numpy.arange}
}


@online{ObjectManagementGroup.2017,
 author = {{Object Management Group}},
 editor = {{Object Management Group}},
 year = {2017},
 title = {About the Unified Modeling Language Specification Version 2.5.1},
 url = {https://www.omg.org/spec/UML/},
 urldate = {2018-04-24},
 abstract = {},
 file = {Object Management Group 2017 - About the Unified Modeling Language:C\:\\Users\\j.husi\\Documents\\Citavi 6\\Projects\\PA2\\Citavi Attachments\\Object Management Group 2017 - About the Unified Modeling Language.pdf:pdf},
 version = {2.5.1}
}


@online{pandas.o.J.,
 author = {pandas},
 year = {o.J.},
 title = {pandas 0.23.0 documentation},
 url = {https://pandas.pydata.org/pandas-docs/stable/generated/pandas.read_csv.html},
 urldate = {2018-06-01},
 abstract = {},
 file = {pandas o.J. - pandas 0.23:C\:\\Users\\j.husi\\Documents\\Citavi 6\\Projects\\PA2\\Citavi Attachments\\pandas o.J. - pandas 0.23.pdf:pdf},
 subtitle = {pandas.read{\_}csv}
}


@online{pandas.o.J.b,
 author = {pandas},
 year = {o.J.},
 title = {pandas 0.23.0 documentation},
 url = {https://pandas.pydata.org/pandas-docs/stable/generated/pandas.DataFrame.html},
 urldate = {2018-06-01},
 abstract = {},
 file = {pandas o.J. - pandas 0.23 (2):C\:\\Users\\j.husi\\Documents\\Citavi 6\\Projects\\PA2\\Citavi Attachments\\pandas o.J. - pandas 0.23 (2).pdf:pdf},
 subtitle = {pandas.DataFrame}
}


@online{Python.o.J.,
 author = {Python},
 year = {o.J.},
 title = {TkInter},
 url = {https://wiki.python.org/moin/TkInter},
 urldate = {2018-05-08},
 abstract = {},
 file = {Python o.J:C\:\\Users\\j.husi\\Documents\\Citavi 6\\Projects\\PA2\\Citavi Attachments\\Python o.J.pdf:pdf}
}


@online{Safranovich.2005,
 author = {Safranovich, Yankow},
 year = {2005},
 title = {Common Format and MIME Type for Comma-Separated Values (CSV) Files},
 url = {http://www.ietf.org/rfc/rfc4180.txt},
 urldate = {2018-06-13},
 abstract = {},
 organization = {{Network Working Group}},
 file = {Safranovich 2005 - Common Format and MIME Type:C\:\\Users\\j.husi\\Documents\\Citavi 6\\Projects\\PA2\\Citavi Attachments\\Safranovich 2005 - Common Format and MIME Type.pdf:pdf}
}


@collection{Steyer.2018,
 year = {2018},
 title = {Programmierung in Python},
 publisher = {{Springer Fachmedien Wiesbaden}},
 isbn = {978-3-658-20704-5},
 editor = {Steyer, Ralph},
 abstract = {},
 doi = {10.1007/978-3-658-20705-2},
 location = {Wiesbaden},
 file = {978-3-658-20705-2:C\:\\Users\\j.husi\\Documents\\Citavi 6\\Projects\\PA2\\Citavi Attachments\\978-3-658-20705-2.pdf:pdf}
}


@book{vanRanden.2016,
 author = {{van Randen}, Hendrik Jan and Bercker, Christian and Fieml, Julian},
 year = {2016},
 title = {Einf{\"u}hrung in UML},
 keywords = {Computer programming;Computer science;Programming languages (Electronic computers);Software engineering;UML},
 publisher = {{Springer Vieweg}},
 isbn = {9783658144111},
 subtitle = {Analyse und Entwurf von Software},
 language = {ger},
 location = {Wiesbaden},
 abstract = {Anwendungsf{\"a}lle / Use Cases -- Klassendiagramm -- Aktivit{\"a}tsdiagramm -- CRUD-Matrix -- Zustandsautomat -- Dialogstruktur / Mock ups -- Kopplung -- Vorgehensmodell



Dieses Buch beschreibt klar und pr{\"a}gnant die Kerneigenschaften von UML und zeigt, wie die Modellierungssprache die Analyse und den Entwurf von Software unterst{\"u}tzt. Der Autor Hendrik Jan van Randen greift daf{\"u}r auf seinen breiten Erfahrungsschatz aus zahlreichen Praxissituationen zur{\"u}ck, der ihm dank langj{\"a}hriger T{\"a}tigkeit als Softwarearchitekt zur Verf{\"u}gung steht. Das Buch bietet eine solide und {\"u}bersichtliche Einf{\"u}hrung in UML f{\"u}r jeden, der in ein Softwareentwicklungsprojekt eingebunden ist. Zahlreiche farbige Abbildungen erleichtern das Verstehen und Behalten der vermittelten Inhalte und zeigen, wie die Diagramme selbst{\"a}ndig erstellt werden k{\"o}nnen. Jeder, der sich mit Analyse und Entwurf von Software besch{\"a}ftigt, bekommt es fr{\"u}her oder sp{\"a}ter mit UML zu tun - der international standardisierten Unified Modeling Language. Sie ist die gemeinsame Sprache f{\"u}r die unverzichtbare Kommunikation zwischen sp{\"a}teren Anwendern, die beschreiben, was sie mit der Software machen wollen und Architekten, Testern, Analytikern und Programmierern, die die Software schlie{\ss}lich implementieren. Der Inhalt Anwendungsf{\"a}lle / Use Cases - Klassendiagramm - Aktivit{\"a}tsdiagramm - CRUD-Matrix - Zustandsautomat - Dialogstruktur / Mock ups - Kopplung - Vorgehensmodell Die Zielgruppen Softwarearchitekten Programmierer Anwender, Wissens- und Entscheidungstr{\"a}ger, die an einem Softwareentwicklungsprojekt beteiligt sind Der Autor / die {\"U}bersetzer Hendrik Jan van Randen ist Softwarearchitekt und arbeitete u. a. bei Atos Origin und Compuware. Als Softwaredesigner liefert er wichtige Beitr{\"a}ge zu Modellierungsvorhaben und Webanwendungen. Neben diesen T{\"a}tigkeiten h{\"a}lt er Seminare zum Themengebiet des funktionalen Designs. Die {\"U}bersetzer Christian Bercker und Julian Fieml sind als IT-Consultants bei rechenwerk t{\"a}tig},
 pagetotal = {107},
 doi = {10.1007/978-3-658-14412-8},
 note = {Randen, Hendrik Jan van (VerfasserIn)

Bercker, Christian (VerfasserIn)

Fieml, Julian (VerfasserIn)},
 file = {978-3-658-14412-8:C\:\\Users\\j.husi\\Documents\\Citavi 6\\Projects\\PA2\\Citavi Attachments\\978-3-658-14412-8.pdf:pdf}
}


